<collection xmlns="http://www.loc.gov/MARC21/slim">
<record>
  <leader>01590nam0a22003011i 450 </leader>
  <controlfield tag="001">IT\ICCU\CNCE\044410</controlfield>
  <controlfield tag="005">20080212000000.0</controlfield>
  <datafield tag="012" ind1=" " ind2=" ">
    <subfield code="a">etco ret, coo: usma (C) 1520 (Q)</subfield>
    <subfield code="2">fei</subfield>
  </datafield>
  <datafield tag="100" ind1=" " ind2=" ">
    <subfield code="a">19990114f1520        0itac0103    ba</subfield>
  </datafield>
  <datafield tag="101" ind1=" " ind2=" ">
    <subfield code="a">LAT</subfield>
  </datafield>
  <datafield tag="102" ind1=" " ind2=" ">
    <subfield code="a">IT</subfield>
  </datafield>
  <datafield tag="200" ind1="1" ind2=" ">
    <subfield code="a">℗Alexandri Guarini Ferrariensis ℗Funebris oratio in reueren. et illustriss. dominum d. Hippolytum Estensem, Sanctae Luciae in Silice diaconum cardinalem Ferrariae in cathedrali templo habita IIII Idus Septembres. 1520</subfield>
  </datafield>
  <datafield tag="210" ind1=" " ind2=" ">
    <subfield code="d">\1520?!</subfield>
  </datafield>
  <datafield tag="215" ind1=" " ind2=" ">
    <subfield code="a">\4! c.</subfield>
    <subfield code="d">4ʻ</subfield>
  </datafield>
  <datafield tag="300" ind1=" " ind2=" ">
    <subfield code="a">ANNULLATA  ̈la 48823 mutilo delle c. A3-4 e B3-4Probabilmente pubblicato da Lorenzo de Rossi, Ferrara. - Data dal testo. Tit. dall&apos;intit. -</subfield>
  </datafield>
  <datafield tag="620" ind1=" " ind2=" ">
    <subfield code="a">IT</subfield>
    <subfield code="d">Ferrara</subfield>
  </datafield>
  <datafield tag="700" ind1=" " ind2="1">
    <subfield code="a">Guarini,</subfield>
    <subfield code="b">Alessandro</subfield>
    <subfield code="c"> &lt;1486-1556&gt;</subfield>
    <subfield code="3">IT\ICCU\CNCA\002250</subfield>
  </datafield>
  <datafield tag="712" ind1="0" ind2="0">
    <subfield code="a">Rossi, Lorenzo</subfield>
    <subfield code="3">IT\ICCU\CNCT\000957</subfield>
    <subfield code="4">650</subfield>
  </datafield>
  <datafield tag="790" ind1=" " ind2="1">
    <subfield code="a">Guarini,</subfield>
    <subfield code="b">Alessandro</subfield>
    <subfield code="c"> &lt;il vecchio&gt;</subfield>
    <subfield code="3">IT\ICCU\CNCA\019700</subfield>
    <subfield code="z">Guarini, Alessandro &lt;1486-1556&gt;</subfield>
  </datafield>
  <datafield tag="790" ind1=" " ind2="1">
    <subfield code="a">Guarino,</subfield>
    <subfield code="b">Alessandro</subfield>
    <subfield code="3">IT\ICCU\CNCA\019701</subfield>
    <subfield code="z">Guarini, Alessandro &lt;1486-1556&gt;</subfield>
  </datafield>
  <datafield tag="790" ind1=" " ind2="1">
    <subfield code="a">Guarinus,</subfield>
    <subfield code="b">Alexander</subfield>
    <subfield code="3">IT\ICCU\CNCA\019702</subfield>
    <subfield code="z">Guarini, Alessandro &lt;1486-1556&gt;</subfield>
  </datafield>
  <datafield tag="791" ind1="0" ind2="0">
    <subfield code="a">Valentia, Laurentius de</subfield>
    <subfield code="3">IT\ICCU\CNCT\002571</subfield>
    <subfield code="z">Rossi, Lorenzo</subfield>
  </datafield>
  <datafield tag="791" ind1="0" ind2="0">
    <subfield code="a">Rubeis, Laurentius de</subfield>
    <subfield code="3">IT\ICCU\CNCT\002572</subfield>
    <subfield code="z">Rossi, Lorenzo</subfield>
  </datafield>
  <datafield tag="791" ind1="0" ind2="0">
    <subfield code="a">Russi, Lorenzo</subfield>
    <subfield code="3">IT\ICCU\CNCT\002573</subfield>
    <subfield code="z">Rossi, Lorenzo</subfield>
  </datafield>
  <datafield tag="791" ind1="0" ind2="0">
    <subfield code="a">Rubei, Laurentio de</subfield>
    <subfield code="3">IT\ICCU\CNCT\005406</subfield>
    <subfield code="z">Rossi, Lorenzo</subfield>
  </datafield>
  <datafield tag="801" ind1=" " ind2="3">
    <subfield code="a">IT</subfield>
    <subfield code="b">ICCU</subfield>
    <subfield code="c">20201114</subfield>
  </datafield>
  <datafield tag="899" ind1=" " ind2=" ">
    <subfield code="a">Biblioteca Estense Universitaria. Modena</subfield>
    <subfield code="1">MO0089</subfield>
    <subfield code="2">MOD BE</subfield>
  </datafield>
  <datafield tag="899" ind1=" " ind2=" ">
    <subfield code="a">Biblioteca nazionale centrale. Roma</subfield>
    <subfield code="1">RM0267</subfield>
    <subfield code="2">BVE CR</subfield>
  </datafield>
</record>
</collection>
